@article{doi:10.1080/17421770601009841,
author = {Jesús Mur and Ana Angulo},
title = {The Spatial Durbin Model and the Common Factor Tests},
journal = {Spatial Economic Analysis},
volume = {1},
number = {2},
pages = {207--226},
year = {2006},
publisher = {RSA Website},
doi = {10.1080/17421770601009841},


URL = { 
    
        https://doi.org/10.1080/17421770601009841
    
},
eprint = { 
    
        https://doi.org/10.1080/17421770601009841
}

}


@book{Anselin1988,
  title = {Spatial Econometrics: Methods and Models},
  ISBN = {9789401577991},
  ISSN = {0924-4689},
  url = {http://dx.doi.org/10.1007/978-94-015-7799-1},
  DOI = {10.1007/978-94-015-7799-1},
  journal = {Studies in Operational Regional Science},
  publisher = {Springer Netherlands},
  author = {Anselin,  Luc},
  year = {1988}
}


@inproceedings{atikah2021efficiency,
  title={The efficiency of Spatial Durbin Model (SDM) parameters estimation on advertisement tax revenue in Malang City},
  author={Atikah, N and Widodo, B and Rahardjo, S and Kholifia, N and Afifah, DL and others},
  booktitle={Journal of Physics: Conference Series},
  volume={1821},
  number={1},
  pages={012012},
  year={2021},
  organization={IOP Publishing}
}


@article{Anselin1995,
  title = {Local Indicators of Spatial Association—LISA},
  volume = {27},
  ISSN = {1538-4632},
  url = {http://dx.doi.org/10.1111/j.1538-4632.1995.tb00338.x},
  DOI = {10.1111/j.1538-4632.1995.tb00338.x},
  number = {2},
  journal = {Geographical Analysis},
  publisher = {Wiley},
  author = {Anselin,  Luc},
  year = {1995},
  month = apr,
  pages = {93–115}
}


@misc{darribasLab_05,
	author = {Dani Arribas-Bel},
	title = {Spatial autocorrelation and Exploratory Spatial Data Analysis},
	howpublished = {\url{https://darribas.org/gds16/content/labs/lab_05.html}},
	year = {},
	note = {[Accessed 10-11-2024]},
}


@misc{geodacenterLocalSpatial,
	author = {Luc Anselin},
	title = {{L}ocal {S}patial {A}utocorrelation (1) --- geodacenter.github.io},
	howpublished = {\url{https://geodacenter.github.io/workbook/6a_local_auto/lab6a.html}},
	year = {},
	note = {[Accessed 10-11-2024]},
}